@book{Bishop,
 author = {Bishop, Christopher M.},
 title = {Pattern Recognition and Machine Learning (Information Science and Statistics)},
 year = {2006},
 isbn = {0387310738},
 publisher = {Springer-Verlag New York, Inc.},
 address = {Secaucus, NJ, USA},
}

@misc{cnfgen,
  title={Mathematics 135A, Fall 2008},
  author={Craig A. Tracy},
  url={https://www.math.ucdavis.edu/~tracy/courses/math135A/UsefullCourseMaterial/lawLargeNo.pdf},
  urldate={2016-12-13}
}
